@inproceedings{abowd1999towards,
  title={Towards a better understanding of context and context-awareness},
  author={Abowd, G. and Dey, A. and Brown, P. and Davies, N. and Smith, M. and Steggles, P.},
  booktitle={Handheld and Ubiquitous Computing},
  pages={304--307},
  year={1999},
  organization={Springer}
}

@article{Brandle2007,
  author = {Weis, T and Knoll, M and Ulbrich, A},
  journal = {IEEE Pervasive},
  title = {{Rapid prototyping for pervasive applications}},
  url = {http://doi.ieeecomputersociety.org/10.1109/10.1109/MPRV.2007.41},
  year = {2007}
}

@article{Chen2002,
  author = {Chen, G. and Kotz, D.},
  number = {June},
  pages = {41--47},
  title = {{Solar : An Open Platform for Context-Aware Mobile Applications}},
  year = {2002}
}

@article{chen2010context,
  author = {{Chen, Y.S. and Chen, I.C. and Chang}, W.H.},
  doi = {10.1186/1471-2407-11-392},
  isbn = {9781424467099},
  issn = {1471-2407},
  journal = {Ubi-media Computing (U-Media), 2010 3rd IEEE International Conference on},
  month = jan,
  pages = {392},
  pmid = {21917182},
  title = {{Context-aware services based on OSGi for smart homes}},
  url = {http://ieeexplore.ieee.org/xpls/abs\_all.jsp?arnumber=5543936},
  volume = {11},
  year = {2010},
}

@article{Dey2001,
  author = {Dey, A. and Abowd, G. and Salber, D.},
  doi = {10.1207/S15327051HCI16234\_02},
  issn = {0737-0024},
  journal = {Human-Computer Interaction},
  month = dec,
  number = {2},
  pages = {97--166},
  title = {{A Conceptual Framework and a Toolkit for Supporting the Rapid Prototyping of Context-Aware Applications}},
  url = {http://www.informaworld.com/openurl?genre=article\&doi=10.1207/S15327051HCI16234\_02\&magic=crossref||D404A21C5BB053405B1A640AFFD44AE3},
  volume = {16},
  year = {2001}
}

@article{lee2012mobicon,
  title={MobiCon: a mobile context-monitoring platform},
  author={Lee, Y. and Iyengar, SS and Min, C. and Ju, Y. and Kang, S. and Park, T. and Lee, J. and Rhee, Y. and Song, J.},
  journal={Communications of the ACM},
  volume={55},
  number={3},
  pages={54--65},
  year={2012},
  publisher={ACM}
}

@article{liu2003dios++,
  title={Dios++: A framework for rule-based autonomic management of distributed scientific applications},
  author={Liu, H. and Parashar, M.},
  journal={Euro-Par 2003 Parallel Processing},
  pages={66--73},
  year={2003},
  publisher={Springer}
}

@inproceedings{sudha2007ubiquitous,
  title={Ubiquitous semantic space: A context-aware and coordination middleware for ubiquitous computing},
  author={Sudha, R. and Rajagopalan, MR and Selvanayaki, M. and Selvi, S.T.},
  booktitle={Communication Systems Software and Middleware, 2007. COMSWARE 2007. 2nd International Conference on},
  pages={1--7},
  year={2007},
  organization={IEEE}
}

@article{wang2005towards,
  title={Towards a rule model for self-adaptive software},
  author={Wang, Q.},
  journal={ACM SIGSOFT Software Engineering Notes},
  volume={30},
  number={1},
  pages={8},
  year={2005},
  publisher={ACM}
}

@MastersThesis{bezerrauso,
  author = {Bezerra, L.N.},
  title = {Uso de ontologia em servi{\c{c}}o de contexto e descoberta de recursos para autoadapta{\c{c}}{\~a}o de sistemas},
  school = {},
  year = {2011},
  OPTkey = {},
  OPTtype = {},
  OPTaddress = {},
  OPTmonth = {},
  OPTnote = {},
  OPTannote = {},
  OPTurl = {},
  OPTdoi = {},
  OPTissn = {},
  OPTlocalfile = {},
  OPTabstract = {}
}

@book{coulouris2005distributed,
  title={Distributed systems: concepts and design},
  author={Coulouris, G.F. and Dollimore, J. and Kindberg, T.},
  year={2005},
  publisher={Addison-Wesley Longman}
}

@article{lyytinen2002ubiquitous,
  title={Ubiquitous computing},
  author={Lyytinen, K. and Yoo, Y.},
  journal={COMMUNICATIONSOF THE ACM},
  volume={45},
  number={12},
  pages={63},
  year={2002}
}

@article{saha2003pervasive,
  title={Pervasive computing: a paradigm for the 21st century},
  author={Saha, D. and Mukherjee, A.},
  journal={Computer},
  volume={36},
  number={3},
  pages={25--31},
  year={2003},
  publisher={IEEE}
}

@article{satyanarayanan2001pervasive,
  title={Pervasive computing: Vision and challenges},
  author={Satyanarayanan, M.},
  journal={Personal Communications, IEEE},
  volume={8},
  number={4},
  pages={10--17},
  year={2001},
  publisher={IEEE}
}

@article{augusto2007ambient,
  title={Ambient intelligence: Concepts and applications},
  author={Augusto, J.C. and McCullagh, P.},
  journal={Computer Science and Information Systems/ComSIS},
  volume={4},
  number={1},
  pages={1--26},
  year={2007}
}

@inproceedings{ranganathan2005olympus,
  title={Olympus: A high-level programming model for pervasive computing environments},
  author={Ranganathan, A. and Chetan, S. and Al-Muhtadi, J. and Campbell, R.H. and Mickunas, M.D.},
  booktitle={Pervasive Computing and Communications, 2005. PerCom 2005. Third IEEE International Conference on},
  pages={7--16},
  year={2005},
  organization={IEEE}
}

@article{weiser1991computer,
  title={The computer for the 21st century},
  author={Weiser, M.},
  journal={Scientific American},
  volume={265},
  number={3},
  pages={94--104},
  year={1991},
  publisher={New York}
}

@inproceedings{ranganathan2003middleware,
  title={A middleware for context-aware agents in ubiquitous computing environments},
  author={Ranganathan, A. and Campbell, R.H.},
  booktitle={Proceedings of the ACM/IFIP/USENIX 2003 International Conference on Middleware},
  pages={143--161},
  year={2003},
  organization={Springer-Verlag New York, Inc.}
}

@article{forgy1982rete,
  title={Rete: A fast algorithm for the many pattern/many object pattern match problem},
  author={Forgy, C.L.},
  journal={Artificial intelligence},
  volume={19},
  number={1},
  pages={17--37},
  year={1982},
  publisher={Elsevier}
}

@article{chen2000survey,
  title={A survey of context-aware mobile computing research},
  author={Chen, G. and Kotz, D.},
  year={2000},
  publisher={Technical Report TR2000-381, Dept. of Computer Science, Dartmouth College}
}

@inproceedings{kjaer2007survey,
  title={A survey of context-aware middleware},
  author={Kj{\ae}r, K.E.},
  booktitle={Proceedings of the 25th conference on IASTED International Multi-Conference: Software Engineering},
  pages={148--155},
  year={2007},
  organization={ACTA Press}
}

@article{baldauf2007survey,
  title={A survey on context-aware systems},
  author={Baldauf, M. and Dustdar, S. and Rosenberg, F.},
  journal={International Journal of Ad Hoc and Ubiquitous Computing},
  volume={2},
  number={4},
  pages={263--277},
  year={2007},
  publisher={Inderscience}
}

@article{helal2005gator,
  title={The gator tech smart house: A programmable pervasive space},
  author={Helal, S. and Mann, W. and El-Zabadani, H. and King, J. and Kaddoura, Y. and Jansen, E.},
  journal={Computer},
  volume={38},
  number={3},
  pages={50--60},
  year={2005},
  publisher={IEEE}
}


@inproceedings{araujo2003,
  title={Computa{\c{c}}{\~a}o ub{\'\i}qua: Princ{\'\i}pios, tecnologias e desafios},
  author={de Araujo, R.B.},
  booktitle={XXI Simp{\'o}sio Brasileiro de Redes de Computadores},
  volume={8},
  pages={11--13},
  year={2003}
}

@article{winograd2001architectures,
  title={Architectures for context},
  author={Winograd, T.},
  journal={Human-Computer Interaction},
  volume={16},
  number={2},
  pages={401--419},
  year={2001},
  publisher={L. Erlbaum Associates Inc.}
}

@article{santi2011jaca,
  title={JaCa-Android: an agent-based platform for building smart mobile applications},
  author={Santi, A. and Guidi, M. and Ricci, A.},
  journal={Languages, Methodologies, and Development Tools for Multi-Agent Systems},
  pages={95--114},
  year={2011},
  publisher={Springer}
}

@inproceedings{bruneau2009diasim,
  title={DiaSim: A parameterized simulator for pervasive computing applications},
  author={Bruneau, J. and Jouve, W. and Consel, C.},
  booktitle={Mobile and Ubiquitous Systems: Networking \& Services, MobiQuitous, 2009. MobiQuitous' 09. 6th Annual International},
  pages={1--10},
  year={2009},
  organization={IEEE}
}

@article{kramer2007abstraction,
  author = {Kramer, Jeff},
  title = {Is abstraction the key to computing?},
  journal = {Commun. ACM},
  issue_date = {April 2007},
  volume = {50},
  number = {4},
  month = apr,
  year = {2007},
  issn = {0001-0782},
  pages = {36--42},
  numpages = {7},
  url = {http://doi.acm.org/10.1145/1232743.1232745},
  doi = {10.1145/1232743.1232745},
  acmid = {1232745},
  publisher = {ACM},
  address = {New York, NY, USA},
}

@article{brown1998dcom,
  title={Distributed component object model protocol--dcom/1.0},
  author={Brown, N. and Kindel, C.},
  journal={Online, November},
  year={1998}
}

@article{villanueva2009framework,
  title={A framework for advanced home service design and management},
  author={Villanueva, F.J. and Villa, D. and Santofimia, M.J. and Moya, F. and Lopez, J.C.},
  journal={Consumer Electronics, IEEE Transactions on},
  volume={55},
  number={3},
  pages={1246--1253},
  year={2009},
  publisher={IEEE}
}



@article{birrell1984rpc,
  author = {Birrell, A.D. and Nelson, B.J.},
  title = {Implementing remote procedure calls},
  journal = {ACM Trans. Comput. Syst.},
  issue_date = {February 1984},
  volume = {2},
  number = {1},
  month = feb,
  year = {1984},
  issn = {0734-2071},
  pages = {39--59},
  numpages = {21},
  url = {http://doi.acm.org/10.1145/2080.357392},
  doi = {10.1145/2080.357392},
  acmid = {357392},
  publisher = {ACM},
  address = {New York, NY, USA},
  keywords = {distributed naming and binding, inter-process communication, performance of communication protocols, remote procedural calls, transport layer protocols}
}

@article{kiczales1997aspect,
  title={Aspect-oriented programming},
  author={Kiczales, G. and Lamping, J. and Mendhekar, A. and Maeda, C. and Lopes, C. and Loingtier, J.M. and Irwin, J.},
  journal={ECOOP'97â€”Object-Oriented Programming},
  pages={220--242},
  year={1997},
  publisher={Springer}
}

@article{saha2008android,
  author = {Saha, A.K.},
  file = {:C$\backslash$:/Users/Mareli/Videos/One Piece/Andoid--tech.pdf:pdf},
  journal = {Linux For You},
  number = {January},
  pages = {48--50},
  title = {{A Developer's First Look At Android}},
  url = {http://scholar.google.com/scholar?hl=en\&btnG=Search\&q=intitle:A+Developer's+First+Look+At+Android\#0},
  year = {2008}
}

@techreport{dutra2010repi,
  title={Modelo de comunica{\c{c}}ao endere{\c{c}}ada por interesses},
  author={Dutra, R.C. and Amorim, C.L.},
  year={2010},
  institution={Technical report, Relat{\'o}rio T{\'e}cnico ES 733/PESC-COPPE-UFRJ}
}

@article{carvalho2010sciads,
  title={Monitoramento remoto de pacientes em ambiente domiciliar},
  author={Carvalho, S.T. and Erthal, M. and Mareli, D. and Sztajnberg, A. and Copetti, A. and Loques, O.},
  journal={XXVIII SBRC-Salao de Ferramentas, Gramado, RS, Brasil},
  year={2010}
}
@article{weis2007rapid,
  title={Rapid prototyping for pervasive applications},
  author={Weis, T. and Knoll, M. and Ulbrich, A. and Muhl, G. and Brandle, A.},
  journal={Pervasive Computing, IEEE},
  volume={6},
  number={2},
  pages={76--84},
  year={2007},
  publisher={IEEE}
}

@article{eugster2003many,
  title={The many faces of publish/subscribe},
  author={Eugster, P.T. and Felber, P.A. and Guerraoui, R. and Kermarrec, A.M.},
  journal={ACM Computing Surveys (CSUR)},
  volume={35},
  number={2},
  pages={114--131},
  year={2003},
  publisher={ACM}
}

@MastersThesis{mareli2012,
	author={Mareli, Douglas},
	title={Um Framework de Desenvolvimento de Aplica\c{c}\~{o}es Ub\'{\i}quas em Ambientes Inteligentes},
	type={Disserta\c{c}\~{a}o de Mestrado em Andamento},    
    school={{Instituto de Computa\c{c}\~{a}o, Universidade Federal Fluminense}}, 
	address={ Niter\'{o}i, Rio de Janeiro},
    year={2012}
}

@MastersThesis{erthal2012,
	author={Erthal, Matheus},
	title={ Interpreta\c{c}\~{a}o de Contexto em Ambientes Ub\'{\i}quos Inteligentes},
	type={Disserta\c{c}\~{a}o de Mestrado em Andamento},    
    school={{Instituto de Computa\c{c}\~{a}o, Universidade Federal Fluminense}}, 
	address={ Niter\'{o}i, Rio de Janeiro},
    year={2012}
}

@INPROCEEDINGS{barreto2012,
    AUTHOR="David Barreto Ferreira and Matheus Erthal and Douglas Mareli and Orlando Loques",
    TITLE="Uma Interface de Prototipagem para Aplicações Pervasivas",
    BOOKTITLE="SBRC 2013 () ",
    ADDRESS="",
    DAYS="6-10",
    MONTH="may",
    YEAR="2013",
    ABSTRACT="Este artigo descreve a Interface de Prototipagem e Gerenciamento de Aplicações Pervasivas (IPGAP), que tem como objetivo prover uma plataforma de suporte a construção, teste e execução de aplicações para ambientes inteligentes (smart ambients). Para prover essa funcionalidade, a ferramenta proposta faz a simulacao de sensores e atuadores bem como provê a interacao com componentes reais presentes no ambiente. Assim, o desenvolvedor poderá construir suas aplicações sem a necessidade de se ter a infraestrutura completa de uma smart home.",
    KEYWORDS="Context-aware computing; Tools and software environments for distributed systems; Ubiquitous computing", 
    URL="http://XXXXX/110355.pdf"
} 

@MastersThesis{cardoso2006,
  author = {Cardoso, Leonardo},  
  title = {Integra\c{c}\~{a}o de servi\c{c}os de monitora\c{c}\~{a}o e descoberta de recursos a um suporte para arquiteturas adapt\'{a}veis de software},
  type={Disserta\c{c}\~{a}o de Mestrado},
  school={{Instituto de Computa\c{c}\~{a}o, Universidade Federal Fluminense}}, 
  address={ Niter\'{o}i, Rio de Janeiro},
  year={2006}
}