@inproceedings{abowd1999towards,
  title={Towards a better understanding of context and context-awareness},
  author={Abowd, G. and Dey, A. and Brown, P. and Davies, N. and Smith, M. and Steggles, P.},
  booktitle={Handheld and Ubiquitous Computing},
  pages={304--307},
  year={1999},
  organization={Springer}
}

@article{Brandle2007,
  author = {Weis, T and Knoll, M and Ulbrich, A},
  journal = {IEEE Pervasive},
  title = {{Rapid prototyping for pervasive applications}},
  url = {http://doi.ieeecomputersociety.org/10.1109/10.1109/MPRV.2007.41},
  year = {2007}
}

@inproceedings{Branzel2013SmartFloor,
 author = {Br\"{a}nzel, Alan and Holz, Christian and Hoffmann, Daniel and Schmidt, Dominik and Knaust, Marius and L\"{u}hne, Patrick and Meusel, Ren{\'e} and Richter, Stephan and Baudisch, Patrick},
 title = {GravitySpace: tracking users and their poses in a smart room using a pressure-sensing floor},
 booktitle = {Proceedings of the SIGCHI Conference on Human Factors in Computing Systems},
 series = {CHI '13},
 year = {2013},
 isbn = {978-1-4503-1899-0},
 location = {Paris, France},
 pages = {725--734},
 numpages = {10},
 url = {http://doi.acm.org/10.1145/2470654.2470757},
 doi = {10.1145/2470654.2470757},
 acmid = {2470757},
 publisher = {ACM},
 address = {New York, NY, USA}
}

@inproceedings{Talukder2007Tracker,
 author = {Talukder, Nilothpal and Ahamed, Sheikh I. and Abid, Rezaul M.},
 title = {Smart Tracker: Light Weight Infrastructure-less Assets Tracking solution for Ubiquitous Computing Environment},
 booktitle = {Proceedings of the 2007 Fourth Annual International Conference on Mobile and Ubiquitous Systems: Networking\&Services (MobiQuitous)},
 series = {MOBIQUITOUS '07},
 year = {2007},
 isbn = {978-1-4244-1024-8},
 pages = {1--8},
 numpages = {8},
 url = {http://dx.doi.org/10.1109/MOBIQ.2007.4451037},
 doi = {10.1109/MOBIQ.2007.4451037},
 publisher = {IEEE Computer Society},
 address = {Washington, DC, USA}
}

@article{Chen2002,
  author = {Chen, G. and Kotz, D.},
  number = {June},
  pages = {41--47},
  title = {{Solar : An Open Platform for Context-Aware Mobile Applications}},
  year = {2002}
}

@article{chen2010context,
  author = {{Chen, Y.S. and Chen, I.C. and Chang}, W.H.},
  doi = {10.1186/1471-2407-11-392},
  isbn = {9781424467099},
  issn = {1471-2407},
  journal = {Ubi-media Computing (U-Media), 2010 3rd IEEE International Conference on},
  month = jan,
  pages = {392},
  pmid = {21917182},
  title = {{Context-aware services based on OSGi for smart homes}},
  url = {http://ieeexplore.ieee.org/xpls/abs\_all.jsp?arnumber=5543936},
  volume = {11},
  year = {2010},
}

@article{dey2001conceptual,
  title={A conceptual framework and a toolkit for supporting the rapid prototyping of context-aware applications},
  author={Dey, Anind K and Abowd, Gregory D and Salber, Daniel},
  journal={Human-computer interaction},
  volume={16},
  number={2},
  pages={97--166},
  year={2001},
  publisher={L. Erlbaum Associates Inc.}
}

@article{lee2012mobicon,
  title={MobiCon: a mobile context-monitoring platform},
  author={Lee, Y. and Iyengar, SS and Min, C. and Ju, Y. and Kang, S. and Park, T. and Lee, J. and Rhee, Y. and Song, J.},
  journal={Communications of the ACM},
  volume={55},
  number={3},
  pages={54--65},
  year={2012},
  publisher={ACM}
}

@article{liu2003dios++,
  title={Dios++: A framework for rule-based autonomic management of distributed scientific applications},
  author={Liu, H. and Parashar, M.},
  journal={Euro-Par 2003 Parallel Processing},
  pages={66--73},
  year={2003},
  publisher={Springer}
}

@inproceedings{sudha2007ubiquitous,
  title={Ubiquitous semantic space: A context-aware and coordination middleware for ubiquitous computing},
  author={Sudha, R. and Rajagopalan, MR and Selvanayaki, M. and Selvi, S.T.},
  booktitle={Communication Systems Software and Middleware, 2007. COMSWARE 2007. 2nd International Conference on},
  pages={1--7},
  year={2007},
  organization={IEEE}
}

@article{wang2005towards,
  title={Towards a rule model for self-adaptive software},
  author={Wang, Q.},
  journal={ACM SIGSOFT Software Engineering Notes},
  volume={30},
  number={1},
  pages={8},
  year={2005},
  publisher={ACM}
}

@MastersThesis{bezerrauso,
  author = {Bezerra, L.N.},
  title = {Uso de ontologia em servi{\c{c}}o de contexto e descoberta de recursos para autoadapta{\c{c}}{\~a}o de sistemas},
  school = {},
  year = {2011},
  OPTkey = {},
  OPTtype = {},
  OPTaddress = {},
  OPTmonth = {},
  OPTnote = {},
  OPTannote = {},
  OPTurl = {},
  OPTdoi = {},
  OPTissn = {},
  OPTlocalfile = {},
  OPTabstract = {}
}

@book{coulouris2005distributed,
  title={Distributed systems: concepts and design},
  author={Coulouris, G.F. and Dollimore, J. and Kindberg, T.},
  year={2005},
  publisher={Addison-Wesley Longman}
}

@article{lyytinen2002ubiquitous,
  title={Ubiquitous computing},
  author={Lyytinen, K. and Yoo, Y.},
  journal={COMMUNICATIONSOF THE ACM},
  volume={45},
  number={12},
  pages={63},
  year={2002}
}

@article{saha2003pervasive,
  title={Pervasive computing: a paradigm for the 21st century},
  author={Saha, D. and Mukherjee, A.},
  journal={Computer},
  volume={36},
  number={3},
  pages={25--31},
  year={2003},
  publisher={IEEE}
}

@article{satyanarayanan2001pervasive,
  title={Pervasive computing: Vision and challenges},
  author={Satyanarayanan, M.},
  journal={Personal Communications, IEEE},
  volume={8},
  number={4},
  pages={10--17},
  year={2001},
  publisher={IEEE}
}

@article{augusto2007ambient,
  title={Ambient intelligence: Concepts and applications},
  author={Augusto, J.C. and McCullagh, P.},
  journal={Computer Science and Information Systems/ComSIS},
  volume={4},
  number={1},
  pages={1--26},
  year={2007}
}

@inproceedings{ranganathan2005olympus,
  title={Olympus: A high-level programming model for pervasive computing environments},
  author={Ranganathan, A. and Chetan, S. and Al-Muhtadi, J. and Campbell, R.H. and Mickunas, M.D.},
  booktitle={Pervasive Computing and Communications, 2005. PerCom 2005. Third IEEE International Conference on},
  pages={7--16},
  year={2005},
  organization={IEEE}
}

@article{weiser1991computer,
  title={The computer for the 21st century},
  author={Weiser, M.},
  journal={Scientific American},
  volume={265},
  number={3},
  pages={94--104},
  year={1991},
  publisher={New York}
}

@inproceedings{ranganathan2003middleware,
  title={A middleware for context-aware agents in ubiquitous computing environments},
  author={Ranganathan, A. and Campbell, R.H.},
  booktitle={Proceedings of the ACM/IFIP/USENIX 2003 International Conference on Middleware},
  pages={143--161},
  year={2003},
  organization={Springer-Verlag New York, Inc.}
}

@article{forgy1982rete,
  title={Rete: A fast algorithm for the many pattern/many object pattern match problem},
  author={Forgy, C.L.},
  journal={Artificial intelligence},
  volume={19},
  number={1},
  pages={17--37},
  year={1982},
  publisher={Elsevier}
}

@article{chen2000survey,
  title={A survey of context-aware mobile computing research},
  author={Chen, G. and Kotz, D.},
  year={2000},
  publisher={Technical Report TR2000-381, Dept. of Computer Science, Dartmouth College}
}

@inproceedings{kjaer2007survey,
  title={A survey of context-aware middleware},
  author={Kj{\ae}r, K.E.},
  booktitle={Proceedings of the 25th conference on IASTED International Multi-Conference: Software Engineering},
  pages={148--155},
  year={2007},
  organization={ACTA Press}
}

@article{baldauf2007survey,
  title={A survey on context-aware systems},
  author={Baldauf, M. and Dustdar, S. and Rosenberg, F.},
  journal={International Journal of Ad Hoc and Ubiquitous Computing},
  volume={2},
  number={4},
  pages={263--277},
  year={2007},
  publisher={Inderscience}
}

@article{helal2005gator,
  title={The gator tech smart house: A programmable pervasive space},
  author={Helal, S. and Mann, W. and El-Zabadani, H. and King, J. and Kaddoura, Y. and Jansen, E.},
  journal={Computer},
  volume={38},
  number={3},
  pages={50--60},
  year={2005},
  publisher={IEEE}
}


@inproceedings{araujo2003,
  title={Computa{\c{c}}{\~a}o ub{\'\i}qua: Princ{\'\i}pios, tecnologias e desafios},
  author={de Araujo, R.B.},
  booktitle={XXI Simp{\'o}sio Brasileiro de Redes de Computadores},
  volume={8},
  pages={11--13},
  year={2003}
}

@article{winograd2001architectures,
  title={Architectures for context},
  author={Winograd, T.},
  journal={Human-Computer Interaction},
  volume={16},
  number={2},
  pages={401--419},
  year={2001},
  publisher={L. Erlbaum Associates Inc.}
}

@article{santi2011jaca,
  title={JaCa-Android: an agent-based platform for building smart mobile applications},
  author={Santi, A. and Guidi, M. and Ricci, A.},
  journal={Languages, Methodologies, and Development Tools for Multi-Agent Systems},
  pages={95--114},
  year={2011},
  publisher={Springer}
}

@inproceedings{bruneau2009diasim,
  title={DiaSim: A parameterized simulator for pervasive computing applications},
  author={Bruneau, J. and Jouve, W. and Consel, C.},
  booktitle={Mobile and Ubiquitous Systems: Networking \& Services, MobiQuitous, 2009. MobiQuitous' 09. 6th Annual International},
  pages={1--10},
  year={2009},
  organization={IEEE}
}

@article{kramer2007abstraction,
  author = {Kramer, Jeff},
  title = {Is abstraction the key to computing?},
  journal = {Commun. ACM},
  issue_date = {April 2007},
  volume = {50},
  number = {4},
  month = apr,
  year = {2007},
  issn = {0001-0782},
  pages = {36--42},
  numpages = {7},
  url = {http://doi.acm.org/10.1145/1232743.1232745},
  doi = {10.1145/1232743.1232745},
  acmid = {1232745},
  publisher = {ACM},
  address = {New York, NY, USA},
}

@article{brown1998dcom,
  title={Distributed component object model protocol--dcom/1.0},
  author={Brown, N. and Kindel, C.},
  journal={Online, November},
  year={1998}
}

@article{villanueva2009framework,
  title={A framework for advanced home service design and management},
  author={Villanueva, F.J. and Villa, D. and Santofimia, M.J. and Moya, F. and Lopez, J.C.},
  journal={Consumer Electronics, IEEE Transactions on},
  volume={55},
  number={3},
  pages={1246--1253},
  year={2009},
  publisher={IEEE}
}

@article{birrell1984rpc,
  author = {Birrell, A.D. and Nelson, B.J.},
  title = {Implementing remote procedure calls},
  journal = {ACM Trans. Comput. Syst.},
  issue_date = {February 1984},
  volume = {2},
  number = {1},
  month = feb,
  year = {1984},
  issn = {0734-2071},
  pages = {39--59},
  numpages = {21},
  url = {http://doi.acm.org/10.1145/2080.357392},
  doi = {10.1145/2080.357392},
  acmid = {357392},
  publisher = {ACM},
  address = {New York, NY, USA},
  keywords = {distributed naming and binding, inter-process communication, performance of communication protocols, remote procedural calls, transport layer protocols}
}

@article{kiczales1997aspect,
  title={Aspect-oriented programming},
  author={Kiczales, G. and Lamping, J. and Mendhekar, A. and Maeda, C. and Lopes, C. and Loingtier, J.M. and Irwin, J.},
  journal={ECOOP'97 -- Object-Oriented Programming},
  pages={220--242},
  year={1997},
  publisher={Springer}
}

@article{saha2008android,
  author = {Saha, A.K.},
  journal = {Linux For You},
  number = {January},
  pages = {48--50},
  title = {{A Developer's First Look At Android}},
  url = {http://scholar.google.com/scholar?hl=en\&btnG=Search\&q=intitle:A+Developer's+First+Look+At+Android\#0},
  year = {2008}
}

@techreport{dutra2010repi,
  title={Modelo de comunica{\c{c}}ao endere{\c{c}}ada por interesses},
  author={Dutra, R.C. and Amorim, C.L.},
  year={2010},
  institution={Technical report, Relat{\'o}rio T{\'e}cnico ES 733/PESC-COPPE-UFRJ}
}

@article{carvalho2010sciads,
  title={Monitoramento remoto de pacientes em ambiente domiciliar},
  author={Carvalho, S.T. and Erthal, M. and Mareli, D. and Sztajnberg, A. and Copetti, A. and Loques, O.},
  journal={XXVIII SBRC-Salao de Ferramentas, Gramado, RS, Brasil},
  year={2010}
}

@article{weis2007rapid,
  title={Rapid prototyping for pervasive applications},
  author={Weis, T. and Knoll, M. and Ulbrich, A. and Muhl, G. and Brandle, A.},
  journal={Pervasive Computing, IEEE},
  volume={6},
  number={2},
  pages={76--84},
  year={2007},
  publisher={IEEE}
}

@article{eugster2003many,
  title={The many faces of publish/subscribe},
  author={Eugster, P.T. and Felber, P.A. and Guerraoui, R. and Kermarrec, A.M.},
  journal={ACM Computing Surveys (CSUR)},
  volume={35},
  number={2},
  pages={114--131},
  year={2003},
  publisher={ACM}
}

@MastersThesis{mareli2013,
  author={Mareli, Douglas},
  title={Um Framework de Desenvolvimento de Aplica\c{c}\~{o}es Ub\'{\i}quas em Ambientes Inteligentes},
  type={Disserta\c{c}\~{a}o de Mestrado em Andamento},    
  school={{Instituto de Computa\c{c}\~{a}o, Universidade Federal Fluminense}}, 
  address={ Niter\'{o}i, Rio de Janeiro},
  year={2012}
}

@MastersThesis{barreto2013,
  author={Barreto, David},
  title={Interface de Prototipagem e Gerenciamento de Aplica\c{c}\~{o}es Pervasivas},
  type={Disserta\c{c}\~{a}o de Mestrado em Andamento},    
  school={{Instituto de Computa\c{c}\~{a}o, Universidade Federal Fluminense}}, 
  address={ Niter\'{o}i, Rio de Janeiro},
  year={2012}
}

@MastersThesis{cardoso2006,
  author = {Cardoso, Leonardo},  
  title = {Integra\c{c}\~{a}o de servi\c{c}os de monitora\c{c}\~{a}o e descoberta de recursos a um suporte para arquiteturas adapt\'{a}veis de software},
  type={Disserta\c{c}\~{a}o de Mestrado},
  school={{Instituto de Computa\c{c}\~{a}o, Universidade Federal Fluminense}}, 
  address={ Niter\'{o}i, Rio de Janeiro},
  year={2006}
}

@article{bruneau2012,
  author = {Bruneau, Julien and Consel, Charles},
  title = {DiaSim: a simulator for pervasive computing applications},
  journal = {Software: Practice and Experience},
  publisher = {John Wiley & Sons, Ltd},
  issn = {1097-024X},
  url = {http://dx.doi.org/10.1002/spe.2130},
  doi = {10.1002/spe.2130},
  keywords = {simulation, testing, pervasive computing, hybrid simulation},
  year = {2012}
}

@incollection{abowd1999,
  year={1999},
  isbn={978-3-540-66550-2},
  booktitle={Handheld and Ubiquitous Computing},
  volume={1707},
  series={Lecture Notes in Computer Science},
  editor={Gellersen, Hans-W.},
  doi={10.1007/3-540-48157-5_29},
  title={Towards a Better Understanding of Context and Context-Awareness},
  url={http://dx.doi.org/10.1007/3-540-48157-5_29},
  publisher={Springer Berlin Heidelberg},
  author={Abowd, G. and Dey, A.. and Brown, P. and Davies, N. and Smith, M. and Steggles, P.},
  pages={304-307},
  language={English}
}

@article{Copetti2012,
  title={A Decision-making Mechanism for Context Inference in Pervasive Healthcare Environments},
  author={Copetti, A. and Leite, J. and Loques, O. and Neves, M. F.},
  journal={Decision Support Systems},
  year={2012},
  publisher={Elsevier}
}

@inproceedings{Sohn2003,
  address = {New York, New York, USA},
  author = {Sohn, Timothy and Dey, Anind},
  booktitle = {CHI '03 extended abstracts on Human factors in computing systems - CHI '03},
  doi = {10.1145/765891.766102},
  isbn = {1581136374},
  pages = {974},
  publisher = {ACM Press},
  title = {{iCAP: an informal tool for interactive prototyping of context-aware applications}},
  url = {http://portal.acm.org/citation.cfm?doid=765891.766102},
  year = {2003}
}

@incollection {Humble2003,
  author = {Humble, Jan and Crabtree, Andy and Hemmings, Terry and \r{A}kesson, Karl-Petter and Koleva, Boriana and Rodden, Tom and Hansson, P\"{a}r},
  affiliation = {SICS, Swedish Institute of Computer Science, Box 1623, SE-164 29 Kista, Sweden},
  title = {``Playing with the Bits'' User-Configuration of Ubiquitous Domestic Environments},
  booktitle = {UbiComp 2003: Ubiquitous Computing},
  series = {Lecture Notes in Computer Science},
  editor = {Dey, Anind and Schmidt, Albrecht and McCarthy, Joseph},
  publisher = {Springer Berlin / Heidelberg},
  isbn = {978-3-540-20301-8},
  pages = {256-263},
  volume = {2864},
  url = {http://dx.doi.org/10.1007/978-3-540-39653-6_20},
  year = {2003}
}

@article{Abowd2002,
  author = {Abowd, Gregory and Mynatt, E.D. and Rodden, T.},
  doi = {10.1109/MPRV.2002.993144},
  issn = {1536-1268},
  journal = {IEEE Pervasive Computing},
  number = {1},
  pages = {48--57},
  title = {{The human experience [of ubiquitous computing]}},
  url = {http://ieeexplore.ieee.org/lpdocs/epic03/wrapper.htm?arnumber=993144},
  volume = {1},
  year = {2002}
}

@techreport{barton2003ubiwise,
  address = {Palo Alto},
  number = {HPL-2003-93},
  author = {Barton, J. J. and Vijayaraghavan, V.},
  institution = {Hewlett-Packard Laboratories},
  title = {{UBIWISE, a simulator for ubiquitous computing systems design}},
  year = {2003}
}

@techreport{barton2002ubiwise,
  address = {Palo Alto},
  number = {HPL-2002-303},
  author = {Barton, J. J. and Vijayaraghavan, V.},
  institution = {Hewlett-Packard Laboratories},
  title = {{Ubiwise, a ubiquitous wireless infrastructure simulation environment}},
  year = {2002}
}

@phdthesis{Copetti2010,
  author = {Copetti, A.},
  school = {Instituto de Computa\c{c}\~{a}o -- Universidade Federal Fluminense},
  title = {{Monitoramento Inteligente e Sens\'{i}vel ao Contexto na Assist\^{e}ncia Domiciliar Telemonitorada}},
  type = {Tese de Doutorado},
  year = {2010}
}

@inproceedings{Armac2007,
  author = {Armac, Ibrahim and Retkowitz, Daniel},
  booktitle = {IEEE International Conference on Pervasive Services},
  doi = {10.1109/PERSER.2007.4283924},
  isbn = {1-4244-1326-5},
  pages = {257--266},
  publisher = {IEEE},
  title = {{Simulation of Smart Environments}},
  url = {http://ieeexplore.ieee.org/lpdocs/epic03/wrapper.htm?arnumber=4283924},
  year = {2007}
}

@inproceedings{Fu2011,
  author = {Fu, Qiang and Li, Ping and Chen, Cai and Qi, Lanlan and Lu, Yongqiang and Yu, Chen},
  booktitle = {2011 6th International Conference on Pervasive Computing and Applications},
  doi = {10.1109/ICPCA.2011.6106476},
  isbn = {978-1-4577-0208-2},
  pages = {39--44},
  publisher = {IEEE},
  title = {{A configurable context-aware simulator for smart home systems}},
  url = {http://ieeexplore.ieee.org/lpdocs/epic03/wrapper.htm?arnumber=6106476},
  year = {2011}
}

@article{Grimm2004,
  author = {Grimm, Robert and Wetherall, David and Davis, Janet and Lemar, Eric and Macbeth, Adam and Swanson, Steven and Anderson, Thomas and Bershad, Brian and Borriello, Gaetano and Gribble, Steven},
  doi = {10.1145/1035582.1035584},
  issn = {07342071},
  journal = {ACM Transactions on Computer Systems},
  number = {4},
  pages = {421--486},
  title = {{System support for pervasive applications}},
  url = {http://portal.acm.org/citation.cfm?doid=1035582.1035584},
  volume = {22},
  year = {2004}
}

@inproceedings{InSu2006,
  author = {InSu, Kim and HeeMan, Park and YoungLok, Lee and SeungYong, Lee and HyungHyo, Lee and BongNam, Noh},
  booktitle = {IEEE International Conference on Sensor Networks, Ubiquitous, and Trustworthy Computing - Vol 2 - Workshops},
  doi = {10.1109/SUTC.2006.51},
  isbn = {0-7695-2553-9},
  pages = {96--103},
  publisher = {IEEE},
  title = {{Design and Implementation of Context-Awareness Simulation Toolkit for Context learning}},
  url = {http://ieeexplore.ieee.org/lpdocs/epic03/wrapper.htm?arnumber=1636259},
  volume = {2},
  year = {2006}
}

@incollection{nishikawa2006ubireal,
  author = {Nishikawa, Hiroshi and Yamamoto, Shinya and Tamai, Morihiko and Nishigaki, Kouji and Kitani, Tomoya and Shibata, Naoki and Yasumoto, Keiichi and Ito, Minoru},
  booktitle = {UbiComp 2006: Ubiquitous Computing},
  editor = {Dourish, Paul and Friday, Adrian},
  isbn = {978-3-540-39634-5},
  pages = {459--476},
  publisher = {Springer Berlin / Heidelberg},
  series = {Lecture Notes in Computer Science},
  title = {{UbiREAL: Realistic Smartspace Simulator for Systematic Testing}},
  url = {http://dx.doi.org/10.1007/11853565\_27},
  volume = {4206},
  year = {2006}
}

@inproceedings{norbisrath2006specification,
  author = {Norbisrath, Ulrich and Mosler, Christof},
  booktitle = {MSPE},
  pages = {109--122},
  title = {{Tool Support for the eHome Specification, Configuration, and Deployment Process}},
  year = {2006}
}

@inproceedings{ONeill2005,
  author = {O'Neill, E. and Klepal, M. and Lewis, D. and O'Donnell, T. and O'Sullivan, D. and Pesch, D.},
  booktitle = {First International Conference on Testbeds and Research Infrastructures for the DEvelopment of NeTworks and COMmunities},
  doi = {10.1109/TRIDNT.2005.7},
  isbn = {0-7695-2219-X},
  pages = {60--69},
  publisher = {IEEE},
  title = {{A Testbed for Evaluating Human Interaction with Ubiquitous Computing Environments}},
  url = {http://ieeexplore.ieee.org/lpdocs/epic03/wrapper.htm?arnumber=1386181},
  year = {2005}
}

@inproceedings{ONeill2009,
  author = {O'Neill, Eleanor and Lewis, David and Conlan, Owen},
  booktitle = {Proceedings of the Second International ICST Conference on Simulation Tools and Techniques},
  doi = {10.4108/ICST.SIMUTOOLS2009.5685},
  isbn = {978-963-9799-45-5},
  publisher = {ICST},
  title = {{A Simulation-based Approach to Highly Iterative Prototyping of Ubiquitous Computing Systems}},
  url = {http://eudl.eu/doi/10.4108/ICST.SIMUTOOLS2009.5685},
  year = {2009}
}

@inproceedings{Park2007simulation,
  author = {Park, JoonSeok and Moon, Mikyeong and Hwang, Seongjin and Yeom, Keunhyuk},
  booktitle = {5th ACIS International Conference on Software Engineering Research, Management \& Applications (SERA 2007)},
  doi = {10.1109/SERA.2007.60},
  isbn = {978-0-7695-2867-0},
  pages = {461--467},
  publisher = {IEEE},
  title = {{CASS: A Context-Aware Simulation System for Smart Home}},
  url = {http://ieeexplore.ieee.org/lpdocs/epic03/wrapper.htm?arnumber=4296972},
  year = {2007}
}

@inproceedings{Park2007validating,
  author = {Park, Joonseok and Moon, Mikyeong and Hwang, Seongjin and Yeom, Keunhyuk},
  booktitle = {The 9th International Conference on Advanced Communication Technology},
  doi = {10.1109/ICACT.2007.358560},
  isbn = {978-89-5519-131-8},
  issn = {1738-9445},
  pages = {1143--1146},
  publisher = {IEEE},
  title = {{Development of Simulation System for Validating Contextual Rule in Smart Home}},
  url = {http://ieeexplore.ieee.org/lpdocs/epic03/wrapper.htm?arnumber=4195361},
  year = {2007}
}

@inproceedings{Reynolds2006,
  address = {New York, New York, USA},
  author = {Reynolds, Vinny and Cahill, Vinny and Senart, Aline},
  booktitle = {Proceedings of the first international conference on Integrated internet ad hoc and sensor networks - InterSense '06},
  doi = {10.1145/1142680.1142682},
  isbn = {1595934278},
  pages = {1},
  publisher = {ACM Press},
  title = {{Requirements for an ubiquitous computing simulation and emulation environment}},
  url = {http://portal.acm.org/citation.cfm?doid=1142680.1142682},
  year = {2006}
}

@phdthesis{Rodrigues2009a,
  author = {Rodrigues, Andr\'{e} Luiz B.},
  school = {Programa de P\'{o}s Gradua\c{c}\~{a}o em Engenharia Eletr\^{o}nica (PEL) -- Universidade do Estado do Rio de Janeiro},
  title = {{Uma infra-estrutura para monitoramento de sistemas cientes do contexto}},
  type = {Disserta\c{c}\~{a}o de Mestrado},
  year = {2009}
}

@inproceedings{Rodrigues2009,
  author = {Rodrigues, Andr\'{e} Luiz B. and Gomes, Izabela C. and Bezerra, Leila N. and Sztajnberg, Alexandre and Carvalho, S\'{e}rgio T. and Copetti, Alessandro and Loques, Orlando},
  booktitle = {2009 International Conference on Computational Science and Engineering},
  doi = {10.1109/CSE.2009.155},
  isbn = {978-1-4244-5334-4},
  pages = {1092--1097},
  publisher = {IEEE},
  title = {{Using Discovery and Monitoring Services to Support Context-Aware Remote Assisted Living Applications}},
  url = {http://ieeexplore.ieee.org/lpdocs/epic03/wrapper.htm?arnumber=5283453},
  year = {2009}
}

@article{Sztajnberg2009,
  author = {Sztajnberg, Alexandre and Rodrigues, Andr\'{e} Luiz B. and Bezerra, Leila N. and Loques, Orlando G. and Copetti, Alessandro and Carvalho, S\'{e}rgio T.},
  doi = {10.1504/IJFIPM.2009.030833},
  issn = {1756-2104},
  journal = {International Journal of Functional Informatics and Personalised Medicine},
  number = {4},
  pages = {358},
  title = {{Applying context-aware techniques to design remote assisted living applications}},
  url = {http://www.inderscience.com/link.php?id=30833},
  volume = {2},
  year = {2009}
}

@article{tang2010,
  author = {Tang, Lei and Yu, Zhiwen and Zhou, Xingshe and Wang, Hanbo and Becker, Christian},
  doi = {10.1007/s00779-010-0332-6},
  issn = {1617-4909},
  journal = {Personal and Ubiquitous Computing},
  number = {3},
  pages = {253--269},
  publisher = {Springer London},
  title = {{Supporting rapid design and evaluation of pervasive applications: challenges and solutions}},
  url = {http://dx.doi.org/10.1007/s00779-010-0332-6},
  volume = {15},
  year = {2010}
}

@inproceedings{nguyen2009iss,
  author = {{Van Nguyen}, T and Kim, Jin Gook and Choi, Deokjai},
  booktitle = {Advanced Communication Technology, 2009. ICACT 2009. 11th International Conference on},
  issn = {1738-9445},
  pages = {1828--1833},
  title = {{ISS: The Interactive Smart home Simulator}},
  volume = {03},
  year = {2009}
}

@inproceedings{vijayraghavan2002wise,
  author = {Vijayraghavan, V and Barton, J J},
  booktitle = {UBITOOLS-'01 WORKSHOP},
  organization = {Citeseer},
  title = {{WISE-A Simulator Toolkit for Ubiquitous Computing Scenarios}},
  year = {2002}
}

@article{Weiser1991century,
  author = {Weiser, Mark},
  journal = {Scientific American},
  pages = {94--104},
  publisher = {Scientific American},
  title = {{The Computer for the 21st Century}},
  url = {http://wiki.daimi.au.dk/pca/\_files/weiser-orig.pdf},
  volume = {3},
  year = {1991}
}

@inproceedings{Weiser1994interface,
  author = {Weiser, Mark},
  booktitle = {UIST 94 Proceedings of the 7th annual ACM symposium on User interface software and technology},
  doi = {10.1145/192426.192428},
  isbn = {0897916573},
  pages = {1},
  publisher = {ACM},
  title = {{Creating the invisible interface: (invited talk)}},
  url = {http://portal.acm.org/citation.cfm?id=192426.192428\&coll=Portal\&dl=GUIDE\&CFID=33868574\&CFTOKEN=26649809},
  year = {1994}
}

@article{Weiser1994desktop,
  author = {Weiser, Marc},
  title = {The world is not a desktop},
  journal = {ACM Interactions},
  issue_date = {Jan. 1994},
  volume = {1},
  number = {1},
  month = jan,
  year = {1994},
  issn = {1072-5520},
  pages = {7--8},
  numpages = {2},
  url = {http://doi.acm.org/10.1145/174800.174801},
  doi = {10.1145/174800.174801},
  acmid = {174801},
  publisher = {ACM},
  address = {New York, NY, USA}
} 

@article{Weiser1993issues,
  author = {Weiser, Mark},
  doi = {10.1145/159544.159617},
  issn = {00010782},
  journal = {Communications of the ACM},
  number = {7},
  pages = {75--84},
  title = {{Some computer science issues in ubiquitous computing}},
  url = {http://portal.acm.org/citation.cfm?doid=159544.159617},
  volume = {36},
  year = {1993}
}

@inproceedings{Zhang2010,
  author = {Zhang, Lei and Suo, Yue and Chen, Yu and Shi, Yuanchun},
  booktitle = {2010 3rd IEEE International Conference on Ubi-Media Computing},
  doi = {10.1109/UMEDIA.2010.5543920},
  isbn = {978-1-4244-6708-2},
  pages = {87--90},
  publisher = {IEEE},
  title = {{SHSim: An OSGI-based smart home simulator}},
  url = {http://ieeexplore.ieee.org/lpdocs/epic03/wrapper.htm?arnumber=5543920},
  year = {2010}
}

@inproceedings{Zhijiao2011,
  author = {Zhijiao, Zhang and Naizheng, Wang and Yu, Chen and Yongqiang, Lu and Yuanchun, Shi and Rui, Wang and Xiaojuan, Lu},
  booktitle = {2011 6th International Conference on Pervasive Computing and Applications},
  doi = {10.1109/ICPCA.2011.6106515},
  isbn = {978-1-4577-0208-2},
  pages = {267--271},
  publisher = {IEEE},
  title = {{SREngine: An OSGi-based Context-aware inference engine for smart room}},
  url = {http://ieeexplore.ieee.org/lpdocs/epic03/wrapper.htm?arnumber=6106515},
  year = {2011}
}

@article{DianeAugustoAmI2009,
  author = {Diane J. Cook and Juan C. Augusto and Vikramaditya R. Jakkula},
  title = {Ambient intelligence: Technologies, applications, and opportunities},
  journal = {Pervasive and Mobile Computing},
  volume = {5},
  number = {4},
  pages = {277 -- 298},
  year = {2009},
  issn = {1574-1192},
  doi = {10.1016/j.pmcj.2009.04.001},
}

@article{RamosAugustoAmI2008,
  author={Ramos, Carlos and Augusto, Juan Carlos and Shapiro, Daniel},
  journal={Intelligent Systems, IEEE},
  title={Ambient Intelligence: the Next Step for Artificial Intelligence},
  year={2008},
  month={march-april },
  volume={23},
  number={2},
  pages={15 -18},
  doi={10.1109/MIS.2008.19},
  ISSN={1541-1672}
}

@inproceedings{sbrc-carvalho2010,
  AUTHOR={Sergio T. Carvalho and Matheus Erthal and Douglas Mareli and Alexandre Sztajnberg and Alessandro Copetti and Orlando Loques},
  TITLE={{Monitoramento Remoto de Pacientes em Ambiente Domiciliar}},
  BOOKTITLE={XXVIII Simp\'{o}sio Brasileiro de Redes de Computadores e Sistemas Distribu\'{i}dos -- SBRC 2010},
  ADDRESS={Gramado, RS, Brasil},
  DAYS={24-28},
  MONTH={maio},
  YEAR={2010},
  pages={1005-1012}
}

@inproceedings{Lu2012,
 author = {Lu, Hong and Frauendorfer, Denise and Rabbi, Mashfiqui and Mast, Marianne Schmid and Chittaranjan, Gokul T. and Campbell, Andrew T. and Gatica-Perez, Daniel and Choudhury, Tanzeem},
 title = {StressSense: detecting stress in unconstrained acoustic environments using smartphones},
 booktitle = {Proceedings of the 2012 ACM Conference on Ubiquitous Computing},
 series = {UbiComp '12},
 year = {2012},
 isbn = {978-1-4503-1224-0},
 location = {Pittsburgh, Pennsylvania},
 pages = {351--360},
 numpages = {10},
 acmid = {2370270},
 publisher = {ACM},
}

@inproceedings{Costanza2012,
 author = {Costanza, Enrico and Ramchurn, Sarvapali D. and Jennings, Nicholas R.},
 title = {Understanding domestic energy consumption through interactive visualisation: a field study},
 booktitle = {Proceedings of the 2012 ACM Conference on Ubiquitous Computing},
 series = {UbiComp '12},
 year = {2012},
 location = {Pittsburgh, Pennsylvania},
 pages = {216--225},
 numpages = {10},
 publisher = {ACM},
 address = {New York, NY, USA}
}

@article{gregoski2012,
  author = {Gregoski, Mathew J. and Mueller, Martina and Vertegel, Alexey and Shaporev, Aleksey and Jackson, Brenda B. and Frenzel, Ronja M. and Sprehn, Sara M. and Treiber, Frank A.},
  title = {Development and validation of a smartphone heart rate acquisition application for health promotion and wellness telehealth applications},
  journal = {Int. J. Telemedicine Appl.},
  issue_date = {January 2012},
  volume = {2012},
  month = {jan},
  year = {2012},
  issn = {1687-6415},
  pages = {1:1--1:1},
  articleno = {1},
  numpages = {1},
  publisher = {Hindawi Publishing Corp.},
  address = {New York, NY, United States}
}

@misc{Beagle2012,
  author = {BeagleBoard},
  title = {{Open Hardware Physical Computing on ARM and Linux}},
  year = {2013},
  howpublished={http://beagleboard.org/}
}

@misc{Json2013,
  author = {JSON},
  title = {{The Java Script Object Notation}},
  year = {2013},
  howpublished={http://www.json.org/}
}

@misc{W3C2013,
  author = {{W3C -- World Wide Web Consortium}},
  title = {{XML Essentials -- W3C}},
  year = {2013},
  howpublished={http://www.w3.org/standards/xml/core}
}

@misc{Oracle2013,
  author = {Oracle},
  title = {{Java Remote Method Invocation}},
  year = {2013},
  howpublished={http://docs.oracle.com/javase/6/ docs/platform/rmi/spec/rmiTOC.html}
}

@misc{W3C2013a,
  author = {{W3C -- World Wide Web Consortium}},
  title = {{Web Services Architecture}},
  year = {2013},
  howpublished={http://www.w3.org/TR/2004/NOTE-ws-arch-20040211/\#whatis}
}

@misc{OMG2013,
  author = {{OMG -- The Object Management Group}},
  title = {{CORBA -- Common Object Request Broker Architecture}},
  year = {2013},
  howpublished={http://www.omg.org/gettingstarted/corbafaq.htm}
}

@phdthesis{Bezerra2011,
  author = {Bezerra, L. N.},
  school = {Programa de P\'{o}s Gradua\c{c}\~{a}o em Engenharia Eletr\^{o}nica (PEL) -- Universidade do Estado do Rio de Janeiro},
  title = {{Uso de ontologia em servi\c{c}o de contexto e descoberta de recursos para autoadapta\c{c}\~{a}o de sistemas}},
  type = {Disserta\c{c}\~{a}o de Mestrado},
  year = {2011}
}

@TechReport{carvalhoTR2011,
  author = {Carvalho, S. T. and Murta, L. and Loques, O.},
  title = {A Contract-based Approach for Managing Dynamic Variability in Software Product Line Architectures},
  institution = {Laboratorio Tempo -- Universidade Federal Fluminense},
  year = {2011}
}

@inproceedings{carvalho2010dynamic,
  title={Dynamic variability management in product lines: An approach based on architectural contracts},
  author={Carvalho, Sergio T and Loques, Orlando and Murta, Leonardo},
  booktitle={Software Components, Architectures and Reuse (SBCARS), 2010 Fourth Brazilian Symposium on},
  pages={61--69},
  year={2010},
  organization={IEEE}
}

@inproceedings{biegel2004framework,
  title={A framework for developing mobile, context-aware applications},
  author={Biegel, Gregory and Cahill, Vinny},
  booktitle={Pervasive Computing and Communications, 2004. PerCom 2004. Proceedings of the Second IEEE Annual Conference on},
  pages={361--365},
  year={2004},
  organization={IEEE}
}

@inproceedings{salber1999context,
  title={The context toolkit: aiding the development of context-enabled applications},
  author={Salber, Daniel and Dey, Anind K and Abowd, Gregory D},
  booktitle={Proceedings of the SIGCHI conference on Human factors in computing systems: the CHI is the limit},
  pages={434--441},
  year={1999},
  organization={ACM}
}

@inproceedings{kaczor2010rule,
  title={Rule Modularization and Inference Solutions--a Synthetic Overview},
  author={Kaczor, Krzysztof and Bobek, Szymon and Nalepa, Grzegorz J},
  booktitle={International Workshop on Design, Evaluation and Refinement of Intelligent Systems (DERIS2010)},
  pages={25},
  year={2010}
}

@inproceedings{brush2011home,
  title={Home automation in the wild: challenges and opportunities},
  author={Brush, AJ and Lee, Bongshin and Mahajan, Ratul and Agarwal, Sharad and Saroiu, Stefan and Dixon, Colin},
  booktitle={Proceedings of the 2011 annual conference on Human factors in computing systems},
  pages={2115--2124},
  year={2011},
  organization={ACM}
}

@article{dixon2012operating,
  title={An operating system for the home},
  author={Dixon, Colin and Mahajan, Ratul and Agarwal, Sharad and Brush, A and Lee, Bongshin and Saroiu, Stefan and Bahl, Victor},
  journal={Proc. NSDI 2012},
  year={2012}
}

@inproceedings{schilit1994context,
  title={Context-aware computing applications},
  author={Schilit, Bill and Adams, Norman and Want, Roy},
  booktitle={Mobile Computing Systems and Applications, 1994. WMCSA 1994. First Workshop on},
  pages={85--90},
  year={1994},
  organization={IEEE}
}

@inproceedings{pascoe1998adding,
  title={Adding generic contextual capabilities to wearable computers},
  author={Pascoe, Jason},
  booktitle={Wearable Computers, 1998. Digest of Papers. Second International Symposium on},
  pages={92--99},
  year={1998},
  organization={IEEE}
}

@techreport{chen2000survey,
  title={A survey of context-aware mobile computing research},
  author={Chen, Guanling and Kotz, David and others},
  year={2000},
  institution={Technical Report TR2000-381, Dept. of Computer Science, Dartmouth College}
}

@inproceedings{schmidt1999advanced,
  title={Advanced interaction in context},
  author={Schmidt, Albrecht and Aidoo, Kofi Asante and Takaluoma, Antti and Tuomela, Urpo and Van Laerhoven, Kristof and Van de Velde, Walter},
  booktitle={Handheld and ubiquitous computing},
  pages={89--101},
  year={1999},
  organization={Springer}
}

@article{sacramento2004moca,
  title={Moca: A middleware for developing collaborative applications for mobile users},
  author={Sacramento, Vagner and Endler, Markus and Rubinsztejn, Hana K and Lima, Luciana S and Goncalves, Kleder and Nascimento, Fernando N and Bueno, Giulliano A},
  journal={Distributed Systems Online, IEEE},
  volume={5},
  number={10},
  pages={2--2},
  year={2004},
  publisher={IEEE}
}

@incollection{harroud2004building,
  title={Building policy-based context aware applications for mobile environments},
  author={Harroud, Hamid and Khedr, Mohamed and Karmouch, Ahmed},
  booktitle={Mobility Aware Technologies and Applications},
  pages={48--61},
  year={2004},
  publisher={Springer}
}

@article{sousa2002aura,
  title={Aura: an architectural framework for user mobility in ubiquitous computing environments},
  author={Sousa, Jo{\~a}o Pedro and Garlan, David},
  year={2002},
  publisher={Kluwer}
}

@article{loureiro2009computaccao,
  title={Computa{\c{c}}{\~a}o Ub{\'\i}qua Ciente de Contexto: Desafios e Tend{\^e}ncias},
  author={Loureiro, Antonio Alfredo Ferreira and Oliveira, Ricardo Augusto Rabelo and Silva, TRMB and J{\'u}nior, Waldir Ribeiro Pires and Oliveira, LBR and Moreira, RA and Siqueira, RG and Rocha, BPS and Ruiz, LB},
  journal={Simp{\'o}sio Brasileiro De Redes De Computadores E Sistemas Distribu{\'\i}dos, Recife},
  volume={27},
  pages={99--149},
  year={2009}
}

@inproceedings{edwards2001home,
  title={At home with ubiquitous computing: seven challenges},
  author={Edwards, W Keith and Grinter, Rebecca E},
  booktitle={Ubicomp 2001: Ubiquitous Computing},
  pages={256--272},
  year={2001},
  organization={Springer}
}

@article{kindberg2002system,
  title={System software for ubiquitous computing},
  author={Kindberg, Tim and Fox, Armando},
  journal={Pervasive Computing, IEEE},
  volume={1},
  number={1},
  pages={70--81},
  year={2002},
  publisher={IEEE}
}

@article{uschold1996ontologies,
  title={Ontologies: Principles, methods and applications},
  author={Uschold, Mike and Gruninger, Michael and others},
  journal={Knowledge engineering review},
  volume={11},
  number={2},
  pages={93--136},
  year={1996},
  publisher={Cambridge Univ Press}
}

@article{gruninger1995methodology,
  title={Methodology for the Design and Evaluation of Ontologies},
  author={Gr{\"u}ninger, Michael and Fox, Mark S},
  year={1995},
  publisher={Citeseer}
}

@article{roman2002middleware,
  title={A middleware infrastructure for active spaces},
  author={Rom{\'a}n, Manuel and Hess, Christopher and Cerqueira, Renato and Ranganathan, Anand and Campbell, Roy H and Nahrstedt, Klara},
  journal={Pervasive Computing, IEEE},
  volume={1},
  number={4},
  pages={74--83},
  year={2002},
  publisher={IEEE}
}

@misc{jeval2013,
  author = {JEVAL},
  year = {2013},
  howpublished={http://jeval.sourceforge.net/}
}

@misc{google2013,
  author = {Google},
  title = {{Android Open Distribution}},
  year = {2013},
  howpublished={http://developer.android.com/distribute/open.html}
}

@article{garcia2010towards,
  title={Towards a Ubiquitous End-User Programming System for Smart Spaces.},
  author={Garc{\'\i}a-Herranz, Manuel and Haya, Pablo A and Alam{\'a}n, Xavier},
  journal={J. UCS},
  volume={16},
  number={12},
  pages={1633--1649},
  year={2010}
}

@article{gu2005service,
  title={A service-oriented middleware for building context-aware services},
  author={Gu, Tao and Pung, Hung Keng and Zhang, Da Qing},
  journal={Journal of Network and computer applications},
  volume={28},
  number={1},
  pages={1--18},
  year={2005},
  publisher={Elsevier}
}

@article{kim2010challenges,
  title={Challenges in access right assignment for secure home networks},
  author={Kim, Tiffany Hyun-Jin and Bauer, Lujo and Newsome, James and Perrig, Adrian and Walker, Jesse},
  journal={Proc. HotSec 2010},
  year={2010}
}

@inproceedings{becker2003base,
  title={Base-a micro-broker-based middleware for pervasive computing},
  author={Becker, Christian and Schiele, Gregor and Gubbels, Holger and Rothermel, Kurt},
  booktitle={Pervasive Computing and Communications, 2003.(PerCom 2003). Proceedings of the First IEEE International Conference on},
  pages={443--451},
  year={2003},
  organization={IEEE}
}