@inproceedings{abowd1999towards,
  title={Towards a better understanding of context and context-awareness},
  author={Abowd, G. and Dey, A. and Brown, P. and Davies, N. and Smith, M. and Steggles, P.},
  booktitle={Handheld and Ubiquitous Computing},
  pages={304--307},
  year={1999},
  organization={Springer}
}
@article{Brandle2007,
  author = {Weis, T and Knoll, M and Ulbrich, A},
  journal = {IEEE Pervasive},
  title = {{Rapid prototyping for pervasive applications}},
  url = {http://doi.ieeecomputersociety.org/10.1109/10.1109/MPRV.2007.41},
  year = {2007}
}
@article{Cardoso2006,
  author = {Cardoso, L. and Sztajnberg, A.},
  journal = {Self-Managed Networks, Systems,},
  pages = {87--101},
  title = {{Self-adaptive applications using ADL contracts}},
  url = {http://www.springerlink.com/index/dq7543132mp73512.pdf},
  year = {2006}
}
@article{Chen2002,
  author = {Chen, G. and Kotz, D.},
  number = {June},
  pages = {41--47},
  title = {{Solar : An Open Platform for Context-Aware Mobile Applications}},
  year = {2002}
}
@article{chen2010context,
  author = {{Chen, Y.S. and Chen, I.C. and Chang}, W.H.},
  doi = {10.1186/1471-2407-11-392},
  isbn = {9781424467099},
  issn = {1471-2407},
  journal = {Ubi-media Computing (U-Media), 2010 3rd IEEE International Conference on},
  month = jan,
  pages = {392},
  pmid = {21917182},
  title = {{Context-aware services based on OSGi for smart homes}},
  url = {http://ieeexplore.ieee.org/xpls/abs\_all.jsp?arnumber=5543936},
  volume = {11},
  year = {2010},
}
@article{Dey2001,
  author = {Dey, A. and Abowd, G. and Salber, D.},
  doi = {10.1207/S15327051HCI16234\_02},
  issn = {0737-0024},
  journal = {Human-Computer Interaction},
  month = dec,
  number = {2},
  pages = {97--166},
  title = {{A Conceptual Framework and a Toolkit for Supporting the Rapid Prototyping of Context-Aware Applications}},
  url = {http://www.informaworld.com/openurl?genre=article\&doi=10.1207/S15327051HCI16234\_02\&magic=crossref||D404A21C5BB053405B1A640AFFD44AE3},
  volume = {16},
  year = {2001}
}
@article{lee2012mobicon,
  title={MobiCon: a mobile context-monitoring platform},
  author={Lee, Y. and Iyengar, SS and Min, C. and Ju, Y. and Kang, S. and Park, T. and Lee, J. and Rhee, Y. and Song, J.},
  journal={Communications of the ACM},
  volume={55},
  number={3},
  pages={54--65},
  year={2012},
  publisher={ACM}
}
@article{liu2003dios++,
  title={Dios++: A framework for rule-based autonomic management of distributed scientific applications},
  author={Liu, H. and Parashar, M.},
  journal={Euro-Par 2003 Parallel Processing},
  pages={66--73},
  year={2003},
  publisher={Springer}
}
@inproceedings{sudha2007ubiquitous,
  title={Ubiquitous semantic space: A context-aware and coordination middleware for ubiquitous computing},
  author={Sudha, R. and Rajagopalan, MR and Selvanayaki, M. and Selvi, S.T.},
  booktitle={Communication Systems Software and Middleware, 2007. COMSWARE 2007. 2nd International Conference on},
  pages={1--7},
  year={2007},
  organization={IEEE},
}
@article{wang2005towards,
  title={Towards a rule model for self-adaptive software},
  author={Wang, Q.},
  journal={ACM SIGSOFT Software Engineering Notes},
  volume={30},
  number={1},
  pages={8},
  year={2005},
  publisher={ACM}
}
@MastersThesis{bezerrauso,
  author = {Bezerra, L.N.},
  title = {Uso de ontologia em servi{\c{c}}o de contexto e descoberta de recursos para autoadapta{\c{c}}{\~a}o de sistemas},
  school = {},
  year = {2011},
  OPTkey = {},
  OPTtype = {},
  OPTaddress = {},
  OPTmonth = {},
  OPTnote = {},
  OPTannote = {},
  OPTurl = {},
  OPTdoi = {},
  OPTissn = {},
  OPTlocalfile = {},
  OPTabstract = {},
}
@book{coulouris2005distributed,
  title={Distributed systems: concepts and design},
  author={Coulouris, G.F. and Dollimore, J. and Kindberg, T.},
  year={2005},
  publisher={Addison-Wesley Longman}
}
@article{lyytinen2002ubiquitous,
  title={Ubiquitous computing},
  author={Lyytinen, K. and Yoo, Y.},
  journal={COMMUNICATIONSOF THE ACM},
  volume={45},
  number={12},
  pages={63},
  year={2002}
}
@article{saha2003pervasive,
  title={Pervasive computing: a paradigm for the 21st century},
  author={Saha, D. and Mukherjee, A.},
  journal={Computer},
  volume={36},
  number={3},
  pages={25--31},
  year={2003},
  publisher={IEEE}
}
@article{satyanarayanan2001pervasive,
  title={Pervasive computing: Vision and challenges},
  author={Satyanarayanan, M.},
  journal={Personal Communications, IEEE},
  volume={8},
  number={4},
  pages={10--17},
  year={2001},
  publisher={IEEE}
}
@article{augusto2007ambient,
  title={Ambient intelligence: Concepts and applications},
  author={Augusto, J.C. and McCullagh, P.},
  journal={Computer Science and Information Systems/ComSIS},
  volume={4},
  number={1},
  pages={1--26},
  year={2007}
}
@inproceedings{ranganathan2005olympus,
  title={Olympus: A high-level programming model for pervasive computing environments},
  author={Ranganathan, A. and Chetan, S. and Al-Muhtadi, J. and Campbell, R.H. and Mickunas, M.D.},
  booktitle={Pervasive Computing and Communications, 2005. PerCom 2005. Third IEEE International Conference on},
  pages={7--16},
  year={2005},
  organization={IEEE}
}
@article{weiser1991computer,
  title={The computer for the 21st century},
  author={Weiser, M.},
  journal={Scientific American},
  volume={265},
  number={3},
  pages={94--104},
  year={1991},
  publisher={New York}
}
@inproceedings{ranganathan2003middleware,
  title={A middleware for context-aware agents in ubiquitous computing environments},
  author={Ranganathan, A. and Campbell, R.H.},
  booktitle={Proceedings of the ACM/IFIP/USENIX 2003 International Conference on Middleware},
  pages={143--161},
  year={2003},
  organization={Springer-Verlag New York, Inc.}
}
@article{forgy1982rete,
  title={Rete: A fast algorithm for the many pattern/many object pattern match problem},
  author={Forgy, C.L.},
  journal={Artificial intelligence},
  volume={19},
  number={1},
  pages={17--37},
  year={1982},
  publisher={Elsevier}
}
@article{chen2000survey,
  title={A survey of context-aware mobile computing research},
  author={Chen, G. and Kotz, D.},
  year={2000},
  publisher={Technical Report TR2000-381, Dept. of Computer Science, Dartmouth College}
}
@inproceedings{kjaer2007survey,
  title={A survey of context-aware middleware},
  author={Kj{\ae}r, K.E.},
  booktitle={Proceedings of the 25th conference on IASTED International Multi-Conference: Software Engineering},
  pages={148--155},
  year={2007},
  organization={ACTA Press}
}
@article{baldauf2007survey,
  title={A survey on context-aware systems},
  author={Baldauf, M. and Dustdar, S. and Rosenberg, F.},
  journal={International Journal of Ad Hoc and Ubiquitous Computing},
  volume={2},
  number={4},
  pages={263--277},
  year={2007},
  publisher={Inderscience}
}

@article{helal2005gator,
  author = {Helal, S. and Mann, W. and El-Zabadani, H. and King, J. and Kaddoura, Y. and Jansen, E.},
  journal = {Computer},
  number = {3},
  pages = {50--60},
  publisher = {Published by the IEEE Computer Society},
  title = {{The Gator Tech Smart House: a programmable pervasive space}},
  url = {http://ieeexplore.ieee.org/lpdocs/epic03/wrapper.htm?arnumber=1413118},
  volume = {38},
  year = {2005}
}

@article{cardoso2006,
  title={Self-adaptive applications using ADL contracts},
  author={Cardoso, L. and Sztajnberg, A. and Loques, O.},
  journal={Self-Managed Networks, Systems, and Services},
  pages={87--101},
  year={2006},
  publisher={Springer}
}

@article{araujo2003,
  author = {de Araujo, R.B.},
  journal = {XXI Simp\'{o}sio Brasileiro de Redes de \ldots},
  pages = {45--115},
  title = {{Computa\c{c}\~{a}o ub\'{\i}qua: Princ\'{\i}pios, tecnologias e desafios}},
  url = {http://www.professordiovani.com.br/rw/monografia\_araujo.pdf},
  year = {2003}
}

@article{winograd2001architectures,
  title={Architectures for context},
  author={Winograd, T.},
  journal={Human-Computer Interaction},
  volume={16},
  number={2},
  pages={401--419},
  year={2001},
  publisher={L. Erlbaum Associates Inc.}
}

@article{santi2011jaca,
  title={JaCa-Android: an agent-based platform for building smart mobile applications},
  author={Santi, A. and Guidi, M. and Ricci, A.},
  journal={Languages, Methodologies, and Development Tools for Multi-Agent Systems},
  pages={95--114},
  year={2011},
  publisher={Springer}
}

@inproceedings{bruneau2009diasim,
  title={DiaSim: A parameterized simulator for pervasive computing applications},
  author={Bruneau, J. and Jouve, W. and Consel, C.},
  booktitle={Mobile and Ubiquitous Systems: Networking \& Services, MobiQuitous, 2009. MobiQuitous' 09. 6th Annual International},
  pages={1--10},
  year={2009},
  organization={IEEE}
}

@article{kramer2007abstraction,
 author = {Kramer, Jeff},
 title = {Is abstraction the key to computing?},
 journal = {Commun. ACM},
 issue_date = {April 2007},
 volume = {50},
 number = {4},
 month = apr,
 year = {2007},
 issn = {0001-0782},
 pages = {36--42},
 numpages = {7},
 url = {http://doi.acm.org/10.1145/1232743.1232745},
 doi = {10.1145/1232743.1232745},
 acmid = {1232745},
 publisher = {ACM},
 address = {New York, NY, USA},
}

@article{brown1998dcom,
author = {N. Brown and C. Kindel},
title = {{Distributed component object model protocol--dcom/1}},
year = {1998},
masid = {1309306}
}